@misc{anaconda,
  title     = {Anaconda Software Distribution},
  url       = {https://docs.anaconda.com/},
  journal   = {Anaconda Documentation},
  version   = {4.10.1},
  publisher = {Anaconda Inc.},
  year      = {2021},
  keywords  = {software}
}
@article{SciPy,
  author   = {Virtanen, Pauli and Gommers, Ralf and Oliphant, Travis E. and Haberland, Matt and Reddy, Tyler and Cournapeau, David and Burovski, Evgeni and Peterson, Pearu and Weckesser, Warren and Bright, Jonathan and {van der Walt}, St{\'e}fan J. and Brett, Matthew and Wilson, Joshua and Millman, K. Jarrod and Mayorov, Nikolay and Nelson, Andrew R. J. and Jones, Eric and Kern, Robert and Larson, Eric and Carey, C J and Polat, {\.I}lhan and Feng, Yu and Moore, Eric W. and {VanderPlas}, Jake and Laxalde, Denis and Perktold, Josef and Cimrman, Robert and Henriksen, Ian and Quintero, E. A. and Harris, Charles R. and Archibald, Anne M. and Ribeiro, Ant{\^o}nio H. and Pedregosa, Fabian and  {van Mulbregt}, Paul and {SciPy 1.0 Contributors}},
  title    = {{{SciPy} 1.0: Fundamental Algorithms for Scientific Computing in Python}},
  journal  = {Nature Methods},
  year     = {2020},
  volume   = {17},
  pages    = {261--272},
  adsurl   = {https://rdcu.be/b08Wh},
  doi      = {10.1038/s41592-019-0686-2},
  keywords = {software}
}
@article{NumPy,
  author   = {Harris, Charles R. and Millman, K. Jarrod and
          van der Walt, Stéfan J and Gommers, Ralf and
          Virtanen, Pauli and Cournapeau, David and
          Wieser, Eric and Taylor, Julian and Berg, Sebastian and
          Smith, Nathaniel J. and Kern, Robert and Picus, Matti and
          Hoyer, Stephan and van Kerkwijk, Marten H. and
          Brett, Matthew and Haldane, Allan and
          Fernández del Río, Jaime and Wiebe, Mark and
          Peterson, Pearu and Gérard-Marchant, Pierre and
          Sheppard, Kevin and Reddy, Tyler and Weckesser, Warren and
          Abbasi, Hameer and Gohlke, Christoph and
          Oliphant, Travis E.},
  title    = {Array programming with {NumPy}},
  journal  = {Nature},
  year     = {2020},
  volume   = {585},
  pages    = {357–362},
  doi      = {10.1038/s41586-020-2649-2},
  keywords = {software}
}
@inproceedings{pandas,
  title        = {Data structures for statistical computing in python},
  author       = {McKinney, Wes and others},
  booktitle    = {Proceedings of the 9th Python in Science Conference},
  volume       = {445},
  pages        = {51--56},
  year         = {2010},
  organization = {Austin, TX},
  keywords     = {software}
}
@article{biopython,
  title     = {Biopython: freely available Python tools for computational molecular biology and bioinformatics},
  author    = {Cock, Peter JA and Antao, Tiago and Chang, Jeffrey T and Chapman, Brad A and Cox, Cymon J and Dalke, Andrew and Friedberg, Iddo and Hamelryck, Thomas and Kauff, Frank and Wilczynski, Bartek and others},
  journal   = {Bioinformatics},
  volume    = {25},
  number    = {11},
  pages     = {1422--1423},
  year      = {2009},
  publisher = {Oxford University Press},
  keywords  = {software}
}
@inproceedings{statsmodels,
  title     = {statsmodels: Econometric and statistical modeling with python},
  author    = {Seabold, Skipper and Perktold, Josef},
  booktitle = {9th Python in Science Conference},
  year      = {2010},
  keywords  = {software}
}
@article{matplotlib,
  title     = {Matplotlib: A 2D graphics environment},
  author    = {Hunter, John D},
  journal   = {Computing in science \& engineering},
  volume    = {9},
  number    = {3},
  pages     = {90--95},
  year      = {2007},
  publisher = {IEEE},
  keywords  = {software}
}
@manual{R,
  title        = {R: A Language and Environment for Statistical Computing},
  author       = {{R Core Team}},
  organization = {R Foundation for Statistical Computing},
  address      = {Vienna, Austria},
  year         = {2019},
  url          = {https://www.R-project.org/},
  keywords     = {software}
}
@article{tidyverse,
  title    = {Welcome to the {tidyverse}},
  author   = {Hadley Wickham and Mara Averick and Jennifer Bryan and Winston Chang and Lucy D'Agostino McGowan and Romain François and Garrett Grolemund and Alex Hayes and Lionel Henry and Jim Hester and Max Kuhn and Thomas Lin Pedersen and Evan Miller and Stephan Milton Bache and Kirill Müller and Jeroen Ooms and David Robinson and Dana Paige Seidel and Vitalie Spinu and Kohske Takahashi and Davis Vaughan and Claus Wilke and Kara Woo and Hiroaki Yutani},
  year     = {2019},
  journal  = {Journal of Open Source Software},
  volume   = {4},
  number   = {43},
  pages    = {1686},
  doi      = {10.21105/joss.01686},
  keywords = {software}
}
@manual{ggrepel,
  title    = {ggrepel: Automatically Position Non-Overlapping Text Labels with 'ggplot2'},
  author   = {Kamil Slowikowski},
  year     = {2021},
  note     = {R package version 0.9.1},
  url      = {https://CRAN.R-project.org/package=ggrepel},
  keywords = {software}
}
@misc{tqdm,
  doi       = {10.5281/ZENODO.595120},
  url       = {https://zenodo.org/record/595120},
  author    = {Da Costa-Luis,  Casper and Larroque,  Stephen Karl and Altendorf,  Kyle and Mary,  Hadrien and {Richardsheridan} and Korobov,  Mikhail and Yorav-Raphael,  Noam and Ivanov,  Ivan and Bargull,  Marcel and {Nishant Rodrigues} and {Guangshuo CHEN} and Lee,  Antony and Newey,  Charles and {,  James} and Coales,  Joshua and Zugnoni,  Martin and Pagel,  Matthew D. and {Mjstevens777} and Dektyarev,  Mikhail and Rothberg,  Alex and {,  Alexander} and Panteleit,  Daniel and Dill,  Fabian and {FichteFoll} and Sturm,  Gregor and {HeoHeo} and Van Kemenade,  Hugo and McCracken,  Jack and Nordlund,  Max and Nechaev,  Nikolay},
  keywords  = {progressbar,  progressmeter,  progress-bar,  meter,  rate,  eta,  console,  terminal,  time,  progress,  bar,  gui,  python,  parallel,  cli,  utilities,  shell,  batch},
  title     = {tqdm: A fast,  Extensible Progress Bar for Python and CLI},
  publisher = {Zenodo},
  year      = {2021},
  copyright = {Open Access},
  keywords  = {software}
}
@misc{gffutils,
  author       = {Ryan Dale},
  title        = {gffutils},
  year         = {2019},
  url          = {https://github.com/daler/gffutils},
  keywords     = {software}
}
